@InProceedings{Liu_2015_CVPR,
author = {Liu, Fayao and Shen, Chunhua and Lin, Guosheng},
title = {Deep Convolutional Neural Fields for Depth Estimation From a Single Image},
booktitle = {The IEEE Conference on Computer Vision and Pattern Recognition (CVPR)},
month = {June},
year = {2015}
}